%  a sample bibliography file
%  from http://shelah.logic.at/eindex.html

@INPROCEEDINGS{reverse,  author={Jain, Ati and Soner, Swapnil and Gadwal, Anand},  booktitle={2011 3rd International Conference on Electronics Computer Technology},   title={Reverse engineering: Journey from code to design},   year={2011},  volume={5},  number={},  pages={102-106},  doi={10.1109/ICECTECH.2011.5941966}}

@article{vim,
    title = {Imputation with the {R} Package {VIM}},
    author = {Alexander Kowarik and Matthias Templ},
    journal = {Journal of Statistical Software},
    year = {2016},
    volume = {74},
    number = {7},
    pages = {1--16},
    doi = {10.18637/jss.v074.i07},
}
@article{small,
author = {Freely, I.P.},
title = {A small paper},
journal = {The journal of small papers},
year = 1997,
volume = {-1},
language = {english},
hyphenation={english},
howpublished = {to appear},
}

@article{big,
author = {Jass, Hugh},
title = {A big paper},
journal = {The journal of big papers},
year = 7991,
language = {english},
hyphenation={english},
volume = {MCMXCVII},
}

@inproceedings{huang_binsequence:_2017,
	address = {Abu Dhabi United Arab Emirates},
	title = {{BinSequence}: {Fast}, {Accurate} and {Scalable} {Binary} {Code} {Reuse} {Detection}},
	isbn = {9781450349444},
	shorttitle = {{BinSequence}},
	url = {https://dl.acm.org/doi/10.1145/3052973.3052974},
	doi = {10.1145/3052973.3052974},
	language = {en},
	urldate = {2021-04-14},
	booktitle = {Proceedings of the 2017 {ACM} on {Asia} {Conference} on {Computer} and {Communications} {Security}},
	publisher = {ACM},
	author = {Huang, He and Youssef, Amr M. and Debbabi, Mourad},
	month = apr,
	year = {2017},
	pages = {155--166},
}

@misc{ida,
  author = {IDA Pro},
  note = {https://www.hex-rays.com/ida-pro/}
}

@misc{kilo,
  author = {Salvatore Sanfilippo},
  note = {https://github.com/antirez/kilo}
}

@misc{hxd,
  author = {Maël Hörz},
  note = {https://www.mh-nexus.de/en/hxd/}
}

@misc{hexedit,
  author = {Jens Duttke},
  note = {https://www.hexed.it/}
}

@misc{wxhex,
  author = {erdem ua},
  note = {https://sourceforge.net/projects/wxhexeditor/} 
}

@misc{rehex,
  author = {Daniel Collins},
  note = {https://github.com/solemnwarning/rehex}
}

@misc{objdump,
	author = {The GNU Project},
	note = {https://www.gnu.org/software/binutils/}
}


@inproceedings{bitshred,
  doi = {10.1145/2046707.2046742},
  url = {https://doi.org/10.1145/2046707.2046742},
  year = {2011},
  publisher = {{ACM} Press},
  author = {Jiyong Jang and David Brumley and Shobha Venkataraman},
  title = {{BitShred}},
  booktitle = {Proceedings of the 18th {ACM} conference on Computer and communications security - {CCS} {\textquotesingle}11}
}
@inproceedings{binjuice,
  doi = {10.1145/2430553.2430558},
  url = {https://doi.org/10.1145/2430553.2430558},
  year = {2013},
  publisher = {{ACM} Press},
  author = {Arun Lakhotia and Mila Dalla Preda and Roberto Giacobazzi},
  title = {Fast location of similar code fragments using semantic {\textquotesingle}juice{\textquotesingle}},
  booktitle = {Proceedings of the 2nd {ACM} {SIGPLAN} Program Protection and Reverse Engineering Workshop on - {PPREW} {\textquotesingle}13}
}
@inproceedings{angr,
  title={{SoK: (State of) The Art of War: Offensive Techniques in Binary Analysis}},
  author={Shoshitaishvili, Yan and Wang, Ruoyu and Salls, Christopher and
          Stephens, Nick and Polino, Mario and Dutcher, Audrey and Grosen, John and
          Feng, Siji and Hauser, Christophe and Kruegel, Christopher and Vigna, Giovanni},
  booktitle={IEEE Symposium on Security and Privacy},
  year={2016}
}



%  The authors mentioned here are almost, but not quite,
%  entirely unrelated to Matt Groening.
